<?xml version="1.0" encoding="UTF-8"?><collection xmlns="http://www.loc.gov/MARC21/slim"><record><leader>00486nam--2200181-i-4500</leader><controlfield tag="001">000024535</controlfield><controlfield tag="002">20161230</controlfield><controlfield tag="005">20161230201035</controlfield><controlfield tag="008">060222s1000------------r-----000-0-eng-d</controlfield><datafield ind1=" " ind2=" " tag="040"><subfield code="a">IFIN-HH</subfield></datafield><datafield ind1=" " ind2=" " tag="080"><subfield code="a">539.12.162.8(047.3)</subfield></datafield><datafield ind1="2" ind2=" " tag="100"><subfield code="a">Holzwarth, G</subfield></datafield><datafield ind1="1" ind2="0" tag="245"><subfield code="a">Baryons in the skyrme model</subfield><subfield code="c">G. holzwarth, b. schwesinger</subfield></datafield><datafield ind1=" " ind2=" " tag="260"><subfield code="a">Siegen</subfield><subfield code="b">Siegen University</subfield><subfield code="c">1985</subfield></datafield><datafield ind1=" " ind2=" " tag="300"><subfield code="a">101P.+ FIG</subfield></datafield><datafield ind1="1" ind2=" " tag="700"><subfield code="a">Schwesinger, B</subfield></datafield><datafield ind1=" " ind2=" " tag="852"><subfield code="a">72887</subfield><subfield code="c">539.12</subfield></datafield><datafield ind1=" " ind2=" " tag="CAT"><subfield code="a">Sys</subfield><subfield code="c">20120111</subfield><subfield code="h">162441</subfield></datafield></record></collection>